@Article{bender_bauer_2018,
  title = {coalitions: Coalition probabilities in multi-party democracies},
  author = {Andreas Bender and Alexander Bauer},
  journal = {The Journal of Open Source Software},
  year = {2018},
  month = {mar},
  volume = {3},
  number = {23},
  url = {http://joss.theoj.org/papers/10.21105/joss.00606},
  doi = {10.21105/joss.00606},
}
@Manual{chang_2017,
  title = {shiny: Web Application Framework for R},
  author = {Chang, Winston and Cheng, Joe and Allaire, JJ and Xie, Yihui and McPherson, Jonathan},
  year = {2017},
  note = {R package version 1.0.5},
  url = {https://CRAN.R-project.org/package=shiny},
}
@misc{forsa_2013,
  author = {Forsa},
  year = {2013},
  title = {Wenn am n\"{a}chsten {S}onntag {B}undestagswahl w\"{a}re...},
  howpublished = {\url{http://archive.is/f9vse}},
  note = {Accessed 15 February 2018}
}
@misc{gelitz_2017,
  author = {Gelitz, Christiane},
  year = {2017},
  title = {K\"{o}nnen die aktuellen {U}mfragen noch falsch\-liegen?},
  howpublished = {\url{http://archive.is/JydHd}},
  note = {Accessed 15 February 2018}
}
@book{gelman_2013,
  title={Bayesian data analysis},
  author={Gelman, Andrew and Carlin, John B and Stern, Hal S and Dunson, David B and Vehtari, Aki and Rubin, Donald B},
  volume={3},
  year={2013},
  publisher={CRC press Boca Raton, FL}
}
@article{graefe_2017,
  title={The PollyVoteâ€™s long-term forecast for the 2017 German federal election},
  author={Graefe, Andreas},
  journal={PS: Political Science \& Politics},
  volume={50},
  number={3},
  pages={693--696},
  year={2017},
  publisher={Cambridge University Press}
}
@article{hanley_2003,
  title={Statistical analysis of correlated data using generalized estimating equations: an orientation},
  author={Hanley, James A and Negassa, Abdissa and Forrester, Janet E},
  journal={American journal of epidemiology},
  volume={157},
  number={4},
  pages={364--375},
  year={2003},
  publisher={Oxford University Press}
}
@article{norpoth_gschwend_2010,
  title={The chancellor model: Forecasting German elections},
  author={Norpoth, Helmut and Gschwend, Thomas},
  journal={International Journal of Forecasting},
  volume={26},
  number={1},
  pages={42--53},
  year={2010},
  publisher={Elsevier}
}
@Manual{r_2017,
  title = {R: A Language and Environment for Statistical Computing},
  author = {{R Core Team}},
  organization = {R Foundation for Statistical Computing},
  address = {Vienna, Austria},
  year = {2017},
  url = {https://www.R-project.org/},
}
@misc{umfrage_2017,
  author = {FAZ.net},
  year = {2017},
  title = {Umfrage zur {B}undestagswahl: {S}chwarz-{G}elb verliert die {M}ehrheit},
  howpublished = {\url{http://archive.is/SuXVt}},
  note = {Accessed 15 February 2018}
}
@misc{wahlistik_2013,
  author = {{ZEIT ONLINE}},
  year = {2013},
  title = {Serie:~{W}ahlistik},
  howpublished = {\url{http://archive.is/1SU1I}},
  note = {Accessed 15 February 2018}
}
@Manual{wilke_2017,
  title = {ggridges: Ridgeline Plots in 'ggplot2'},
  author = {Claus O. Wilke},
  year = {2017},
  note = {R package version 0.4.1},
  url = {https://CRAN.R-project.org/package=ggridges},
}


@book{grofman_2003,
  title = {Electoral {Laws} and {Their} {Political} {Consequences}},
  isbn = {978-0-87586-267-5},
  language = {en},
  publisher = {Algora Publishing},
  author = {Grofman, Bernard and Lijphart, Arend},
  year = {2003},
  note = {Google-Books-ID: o1dqas0m8kIC},
  keywords = {Law / Election Law, POLITICAL SCIENCE / General}
}
