
@Manual{bender_bauer_2018,
  title = {shiny: Web Application Framework for R},
  author = {Bender, Andreas and Bauer, Alexander},
  year = {2018},
  note = {adibender/coalitions (Version v0.5.7). Zenodo},
  url = {http://doi.org/10.5281/zenodo.1172595},
}
@Manual{chang_2017,
  title = {shiny: Web Application Framework for R},
  author = {Winston Chang and Joe Cheng and JJ Allaire and Yihui Xie and Jonathan McPherson},
  year = {2017},
  note = {R package version 1.0.5},
  url = {https://CRAN.R-project.org/package=shiny},
}
@misc{forsa_2013,
  author = {Forsa (2013, September 20)},
  title = {Forsa (2013, September 20)},
  howpublished = {\url{http://archive.is/f9vse}},
  note = {Last retrieved 15/02/18}
}
@misc{gelitz_2017,
  author = {Gelitz, C. (2017, September 20)},
  title = {K\"{o}nnen die aktuellen Umfragen noch falsch\-liegen?},
  howpublished = {\url{http://archive.is/JydHd}},
  note = {Last retrieved 15/02/18}
}
@book{gelman_2013,
  title={Bayesian data analysis},
  author={Gelman, Andrew and Carlin, John B and Stern, Hal S and Dunson, David B and Vehtari, Aki and Rubin, Donald B},
  volume={3},
  year={2013},
  publisher={CRC press Boca Raton, FL}
}
@article{graefe_2017,
  title={The PollyVoteâ€™s long-term forecast for the 2017 German federal election},
  author={Graefe, Andreas},
  journal={PS: Political Science \& Politics},
  volume={50},
  number={3},
  pages={693--696},
  year={2017},
  publisher={Cambridge University Press}
}
@article{hanley_2003,
  title={Statistical analysis of correlated data using generalized estimating equations: an orientation},
  author={Hanley, James A and Negassa, Abdissa and Forrester, Janet E and others},
  journal={American journal of epidemiology},
  volume={157},
  number={4},
  pages={364--375},
  year={2003},
  publisher={Oxford University Press}
}
@article{norpoth_gschwend_2010,
  title={The chancellor model: Forecasting German elections},
  author={Norpoth, Helmut and Gschwend, Thomas},
  journal={International Journal of Forecasting},
  volume={26},
  number={1},
  pages={42--53},
  year={2010},
  publisher={Elsevier}
}
@misc{umfrage_2017,
  author = {Umfrage zur Bundestagswahl},
  title = {Umfrage zur Bundestagswahl: Schwarz-Gelb verliert die Mehrheit (2017, August 9)},
  howpublished = {\url{http://archive.is/SuXVt}},
  note = {Last retrieved 15/02/18}
}
@misc{wahlistik_2013,
  author = {Serie:~Wahlistik},
  title = {Wahlistik (2013, September 20)},
  howpublished = {\url{http://archive.is/1SU1I}},
  note = {Last retrieved 15/02/18}
}
@Manual{wilke_2017,
  title = {ggridges: Ridgeline Plots in 'ggplot2'},
  author = {Claus O. Wilke},
  year = {2017},
  note = {R package version 0.4.1},
  url = {https://CRAN.R-project.org/package=ggridges},
}